<record><leader>00000cas a22000007a 4500</leader><controlfield tag="001">11471191</controlfield><controlfield tag="008">841208d1839184uvauwr ne      0    0eng d</controlfield><datafield ind1=" " ind2=" " tag="010"><subfield code="a">sn 84038729 </subfield></datafield><datafield ind1=" " ind2=" " tag="040"><subfield code="a">NPX</subfield><subfield code="b">eng</subfield><subfield code="c">NPX</subfield><subfield code="d">DLC</subfield><subfield code="d">NVK</subfield><subfield code="d">OCL</subfield><subfield code="d">NVK</subfield><subfield code="d">OCLCF</subfield><subfield code="d">OCLCO</subfield></datafield><datafield ind1="1" ind2=" " tag="029"><subfield code="a">AU@</subfield><subfield code="b">000020122834</subfield></datafield><datafield ind1=" " ind2=" " tag="042"><subfield code="a">msc</subfield></datafield><datafield ind1="0" ind2="0" tag="050"><subfield code="a">Newspaper 10028-X</subfield></datafield><datafield ind1="0" ind2="0" tag="245"><subfield code="a">South-western Virginian.</subfield></datafield><datafield ind1="1" ind2="0" tag="246"><subfield code="a">Southwestern Virginian</subfield></datafield><datafield ind1=" " ind2=" " tag="260"><subfield code="a">Abingdon, Va. :</subfield><subfield code="b">John N. Humes,</subfield><subfield code="c">1839-</subfield></datafield><datafield ind1=" " ind2=" " tag="300"><subfield code="a">v. ;</subfield><subfield code="c">58 cm.</subfield></datafield><datafield ind1=" " ind2=" " tag="310"><subfield code="a">Weekly</subfield></datafield><datafield ind1="0" ind2=" " tag="362"><subfield code="a">Vol. 1, no. 10 (Nov. 9, 1839)-</subfield></datafield><datafield ind1=" " ind2=" " tag="530"><subfield code="a">Also available on microfilm from the University of Virginia.</subfield></datafield><datafield ind1=" " ind2=" " tag="500"><subfield code="a">Editor: John N. Humes, 1839-&lt;1840&gt;.</subfield></datafield><datafield ind1=" " ind2="0" tag="651"><subfield code="a">Abingdon (Va.)</subfield><subfield code="v">Newspapers.</subfield></datafield><datafield ind1=" " ind2="7" tag="655"><subfield code="a">Newspapers.</subfield><subfield code="2">fast</subfield><subfield code="0">(OCoLC)fst01423814</subfield></datafield><datafield ind1=" " ind2="7" tag="651"><subfield code="a">Virginia</subfield><subfield code="z">Abingdon.</subfield><subfield code="2">fast</subfield><subfield code="0">(OCoLC)fst01216144</subfield></datafield><datafield ind1=" " ind2=" " tag="752"><subfield code="a">United States</subfield><subfield code="b">Virginia</subfield><subfield code="c">Washington</subfield><subfield code="d">Abingdon.</subfield></datafield><datafield ind1="0" ind2="0" tag="780"><subfield code="t">People's friend</subfield><subfield code="w">(DLC)sn 84038704</subfield></datafield><datafield ind1="0" ind2="0" tag="785"><subfield code="t">Virginian (Abingdon, Va.)</subfield><subfield code="w">(DLC)sn 84038700</subfield></datafield></record>